<collection xmlns="http://www.loc.gov/MARC21/slim">
<record>
  <leader>01608nam0a22002771i 450 </leader>
  <controlfield tag="001">IT\ICCU\CNCE\057305</controlfield>
  <controlfield tag="005">20111107000000.0</controlfield>
  <datafield tag="100" ind1=" " ind2=" ">
    <subfield code="a">20040408d1527        0itac0103    ba</subfield>
  </datafield>
  <datafield tag="101" ind1=" " ind2=" ">
    <subfield code="a">LAT</subfield>
  </datafield>
  <datafield tag="102" ind1=" " ind2=" ">
    <subfield code="a">IT</subfield>
  </datafield>
  <datafield tag="200" ind1="1" ind2=" ">
    <subfield code="a">Introductorium, cui titulus corona pretiosa, ad erudiendum vnum quemque legere, scribere intelligere ac loqui Graece, Latine et Italice, facillime ac modico temporis interuallo et absque praeceptore: compilatum atque in lucem editum ingenio et industria Stephani a Sabio vtriusque literaturae impressoris in inclyta vrbe Venet</subfield>
  </datafield>
  <datafield tag="210" ind1=" " ind2=" ">
    <subfield code="e">Venetiis</subfield>
    <subfield code="g">impressum est hoc opusculum per Ioan. Antonium et fratres de Sabio</subfield>
    <subfield code="g">impensis vero domini Andreae de Turresano de Asula</subfield>
    <subfield code="h">1527</subfield>
  </datafield>
  <datafield tag="215" ind1=" " ind2=" ">
    <subfield code="a">8ʻ</subfield>
  </datafield>
  <datafield tag="300" ind1=" " ind2=" ">
    <subfield code="a">ANNULLATA:  ̈la 32267</subfield>
  </datafield>
  <datafield tag="620" ind1=" " ind2=" ">
    <subfield code="a">IT</subfield>
    <subfield code="d">Venezia</subfield>
  </datafield>
  <datafield tag="700" ind1=" " ind2="1">
    <subfield code="a">Nicolini da Sabbio,</subfield>
    <subfield code="b">Stefano</subfield>
    <subfield code="3">IT\ICCU\CNCA\003505</subfield>
  </datafield>
  <datafield tag="712" ind1="0" ind2="0">
    <subfield code="a">Nicolini da Sabbio, Giovanni Antonio &amp; fratelli</subfield>
    <subfield code="3">IT\ICCU\CNCT\000133</subfield>
    <subfield code="4">650</subfield>
  </datafield>
  <datafield tag="712" ind1="0" ind2="0">
    <subfield code="a">Torresano, Andrea</subfield>
    <subfield code="c"> &lt;1.&gt;</subfield>
    <subfield code="3">IT\ICCU\CNCT\000195</subfield>
    <subfield code="4">650</subfield>
  </datafield>
  <datafield tag="790" ind1=" " ind2="1">
    <subfield code="a">Sabbio,</subfield>
    <subfield code="b">Stefano : da</subfield>
    <subfield code="3">IT\ICCU\CNCA\017487</subfield>
    <subfield code="z">Nicolini da Sabbio, Stefano</subfield>
  </datafield>
  <datafield tag="790" ind1=" " ind2="1">
    <subfield code="a">Nicolini,</subfield>
    <subfield code="b">Stefano</subfield>
    <subfield code="3">IT\ICCU\CNCA\022468</subfield>
    <subfield code="z">Nicolini da Sabbio, Stefano</subfield>
  </datafield>
  <datafield tag="790" ind1=" " ind2="0">
    <subfield code="a">Stephanus</subfield>
    <subfield code="c"> : a#Sabio</subfield>
    <subfield code="3">IT\ICCU\CNCA\022469</subfield>
    <subfield code="z">Nicolini da Sabbio, Stefano</subfield>
  </datafield>
  <datafield tag="791" ind1="0" ind2="0">
    <subfield code="a">Turresanis, Andreas de</subfield>
    <subfield code="3">IT\ICCU\CNCT\004127</subfield>
    <subfield code="z">Torresano, Andrea &lt;1.&gt;</subfield>
  </datafield>
  <datafield tag="791" ind1="0" ind2="0">
    <subfield code="a">Torresanis, Andreas de</subfield>
    <subfield code="3">IT\ICCU\CNCT\005586</subfield>
    <subfield code="z">Torresano, Andrea &lt;1.&gt;</subfield>
  </datafield>
  <datafield tag="791" ind1="0" ind2="0">
    <subfield code="a">Thorresanis, Andreas de</subfield>
    <subfield code="3">IT\ICCU\CNCT\005587</subfield>
    <subfield code="z">Torresano, Andrea &lt;1.&gt;</subfield>
  </datafield>
  <datafield tag="791" ind1="0" ind2="2">
    <subfield code="a">Andreas Asulanus</subfield>
    <subfield code="3">IT\ICCU\CNCT\005588</subfield>
    <subfield code="z">Torresano, Andrea &lt;1.&gt;</subfield>
  </datafield>
  <datafield tag="801" ind1=" " ind2="3">
    <subfield code="a">IT</subfield>
    <subfield code="b">ICCU</subfield>
    <subfield code="c">20201115</subfield>
  </datafield>
</record>
</collection>
